@online{1409.4842（中）,
  author     = {Christian Szegedy and Wei Liu and Yangqing Jia and Pierre Sermanet and Scott Reed and Dragomir Anguelov and Dumitru Erhan and Vincent Vanhoucke and Andrew Rabinovich},
  title      = {中午呢，Going Deeper with Convolutions},
  year       = {2014},
  eprint     = {1409.4842},
  eprinttype = {arXiv}
}